@article{petrov2011universal,
  title={A universal part-of-speech tagset},
  author={Petrov, Slav and Das, Dipanjan and McDonald, Ryan},
  journal={arXiv preprint arXiv:1104.2086},
  year={2011}
}
