@book{beesley/2003,
    title = {Finite State Morphology},
    year = {2003},
    author = {Kenneth R Beesley and Lauri Karttunen},
    pages = {503},
    publisher = {CSLI publications},
    isbn = {978-1575864341}
}

@inproceedings{Silfverberg/2010/IceTal,
author = {Miikka Silfverberg and Krister Lind\'{e}n},
title = {Part-of-Speech Tagging Using Parallel Weighted Finite-State Transducers},
booktitle = {Proceedings of the 7th International Conference on NLP, IceTAL 2010},
year = {2010},
}

@inproceedings{Silfverberg/2011,
  author = {Miikka Silfverberg and Krister Lind\'{e}n},
  title = {Combining Statistical Models for {P}{O}{S} Tagging using Finite-State Calculus},
  booktitle = {Proceedings of the 18th Conference on Computational Linguistics,
              NODALIDA 2011},
  year = {2011},
  pages = {183--190}
}

@inproceedings{Brants:2000,
author = {Brants, Thorsten},
  address = {Seattle, WA},
  booktitle = {Proceedings of the Sixth Applied Natural Language Processing ({ANLP}-2000)},
  interhash = {6dd30baa0609147c6cdf7d2a5817b236},
  intrahash = {713b672cf5d64e89fb1e5b0fe20df316},
  title = {TnT - A Statistical Part-of-Speech Tagger},
  year = 2000,
  timestamp = {2009-11-30T17:48:31.000+0100},
  keywords = {POS Tagging},
  added-at = {2009-11-30T17:48:31.000+0100},
  file = {:POS Tagging\\[Brants, Thorsten] Tnt - A Statistical Part-of-Speech Tagger.pdf:PDF},
  owner = {CHAENIG},
  biburl = {http://www.bibsonomy.org/bibtex/2713b672cf5d64e89fb1e5b0fe20df316/fluctuator}

}
