@inproceedings{beesley1998constraining,
  title={Constraining separated morphotactic dependencies in finite-state grammars},
  author={Beesley, Kenneth R},
  booktitle={Proceedings of the International Workshop on Finite State Methods in Natural Language Processing},
  pages={118--127},
  year={1998},
  organization={Association for Computational Linguistics}
}

@article{karttunen2006numbers,
  title={Numbers and Finnish numerals},
  author={Karttunen, Lauri},
  journal={SKY Journal of Linguistics},
  volume={19},
  pages={407--421},
  year={2006},
  publisher={Citeseer}
}

@inproceedings{moshagen2013building,
    title = {Building an open-source development infrastructure for language technology projects},
    author = {Moshagen, Sjur and Tommi A Pirinen and Trond Trosterud},
    year = {2013},
    booktitle = {Proceedings of Nodalida 2013},
    note = {forthcoming},
}

@book{beesley2003finite,
  title={Finite state morphology},
  author={Beesley, Kenneth R and Karttunen, Lauri},
  volume={18},
  year={2003},
  publisher={CSLI publications Stanford}
}
